<?xml version="1.0" encoding="utf-8"?>
<record xmlns="http://www.loc.gov/MARC21/slim" xmlns:xsi="http://www.w3.org/2001/XMLSchema-instance" xsi:schemaLocation="http://www.loc.gov/MARC21/slim http://www.loc.gov/standards/marcxml/schema/MARC21slim.xsd">
	<leader>     nam a22     Mi 4500</leader>
	<controlfield tag="001">822534</controlfield>
	<controlfield tag="003">NjP</controlfield>
	<controlfield tag="006">m        d        </controlfield>
	<controlfield tag="007">cr cn |||m|||a</controlfield>
	<controlfield tag="008">210322s1908    tu      o     000 0 ara d</controlfield>
	<datafield ind1=" " ind2=" " tag="040">
		<subfield code="a">ZYU</subfield>
		<subfield code="b">ara</subfield>
		<subfield code="e">rda</subfield>
		<subfield code="c">ZYU</subfield>
	</datafield>
	<datafield ind1="1" ind2=" " tag="100">
		<subfield code="6">880-01</subfield>
		<subfield code="a">Shawkat, Shahrī Muṣṭafá.</subfield>
	</datafield>
	<datafield ind1="1" ind2="0" tag="240">
		<subfield code="6">880-02</subfield>
		<subfield code="a">Ḥāshiyah ʻalá Sharḥ al-Uṣūl al-ḥadīth</subfield>
	</datafield>
	<datafield ind1="1" ind2="0" tag="245">
		<subfield code="6">880-03</subfield>
		<subfield code="a">Hādhihi ḥawāsh lil-ustādh al-fāḍil al-mashhūr bi-Shahrī Muṣṭafá Shawkat Afandī taghammadahu Allāh taʻālá bi-luṭfihi al-abadī ʻalá Dāwūd al-Qārṣī Sharḥ Uṣūl al-ḥadīth lil-Imām al-Birkī.</subfield>
	</datafield>
	<datafield ind1="3" ind2=" " tag="246">
		<subfield code="6">880-04</subfield>
		<subfield code="a">Sharḥ Uṣūl al-ḥadīth</subfield>
	</datafield>
	<datafield ind1=" " ind2=" " tag="260">
		<subfield code="a">[Istanbul?] :</subfield>
		<subfield code="b">Matbaası Mahmut Beğ,</subfield>
		<subfield code="c">1326 [1908 or 1909]</subfield>
	</datafield>
	<datafield ind1=" " ind2=" " tag="300">
		<subfield code="a">online resource (48 pages)</subfield>
	</datafield>
	<datafield ind1=" " ind2=" " tag="336">
		<subfield code="a">text</subfield>
		<subfield code="2">rdacontent</subfield>
	</datafield>
	<datafield ind1=" " ind2=" " tag="337">
		<subfield code="a">computer</subfield>
		<subfield code="2">rdamedia</subfield>
	</datafield>
	<datafield ind1=" " ind2=" " tag="338">
		<subfield code="a">online resource</subfield>
		<subfield code="2">rdacarrier</subfield>
	</datafield>
	<datafield ind1=" " ind2=" " tag="500">
		<subfield code="a">Part of the Arabic Collections Online (ACO) project, contributed by Princeton University Libraries.</subfield>
	</datafield>
	<datafield ind1=" " ind2=" " tag="533">
		<subfield code="a">Electronic reproduction.</subfield>
		<subfield code="b">New York, N.Y. :</subfield>
		<subfield code="c">New York University,</subfield>
		<subfield code="d">2021.</subfield>
		<subfield code="5">NNU</subfield>
	</datafield>
	<datafield ind1="0" ind2="0" tag="600">
		<subfield code="a">Birgivî Mehmet Efendi,</subfield>
		<subfield code="d">approximately 1522-1573.</subfield>
		<subfield code="t">Uṣūl al-ḥadīth.</subfield>
	</datafield>
	<datafield ind1="1" ind2="0" tag="600">
		<subfield code="a">Qarṣī, Dāwūd ibn Muḥammad,</subfield>
		<subfield code="d">-1747 or 1748.</subfield>
		<subfield code="t">Sharḥ Uṣūl al-ḥadīth.</subfield>
	</datafield>
	<datafield ind1=" " ind2="0" tag="650">
		<subfield code="a">Hadith</subfield>
		<subfield code="x">Criticism, interpretation, etc.</subfield>
		<subfield code="v">Early works to 1800.</subfield>
	</datafield>
	<datafield ind1=" " ind2="7" tag="650">
		<subfield code="a">Hadith.</subfield>
		<subfield code="2">fast</subfield>
		<subfield code="0">(OCoLC)fst00950112</subfield>
	</datafield>
	<datafield ind1=" " ind2="7" tag="655">
		<subfield code="a">Criticism, interpretation, etc.</subfield>
		<subfield code="2">fast</subfield>
		<subfield code="0">(OCoLC)fst01411635</subfield>
	</datafield>
	<datafield ind1=" " ind2="7" tag="655">
		<subfield code="a">Early works.</subfield>
		<subfield code="2">fast</subfield>
		<subfield code="0">(OCoLC)fst01411636</subfield>
	</datafield>
	<datafield ind1="1" ind2="2" tag="700">
		<subfield code="6">880-05</subfield>
		<subfield code="a">Qarṣī, Dāwūd ibn Muḥammad,</subfield>
		<subfield code="d">-1747 or 1748.</subfield>
		<subfield code="t">Sharḥ Uṣūl al-ḥadīth.</subfield>
	</datafield>
	<datafield ind1="2" ind2=" " tag="710">
		<subfield code="a">Princeton University.</subfield>
		<subfield code="b">Library.</subfield>
	</datafield>
	<datafield ind1="0" ind2=" " tag="730">
		<subfield code="a">Arabic Collections Online.</subfield>
	</datafield>
	<datafield ind1="0" ind2="8" tag="776">
		<subfield code="i">Online version:</subfield>
		<subfield code="a">Shawkat, Shahrī Muṣṭafá.</subfield>
		<subfield code="s">Ḥāshiyah ʻalá Sharḥ al-Uṣūl al-ḥadīth.</subfield>
		<subfield code="t">Hādhihi ḥawāsh lil-ustādh al-fāḍil al-mashhūr bi-Shahrī Muṣṭafá Shawkat Afandī taghammadahu Allāh taʻālá bi-luṭfihi al-abadī ʻalá Dāwūd al-Qārṣī Sharḥ Uṣūl al-ḥadīth lil-Imām al-Birkī.</subfield>
		<subfield code="d">[Istanbul?] : Matbaası Mahmut Beğ, 1326 [1908 or 1909]</subfield>
		<subfield code="w">(OCoLC)657195106</subfield>
	</datafield>
	<datafield ind1="0" ind2="8" tag="776">
		<subfield code="i">Print version:</subfield>
		<subfield code="a">Shawkat, Shahrī Muṣṭafá.</subfield>
		<subfield code="t">Hādhihi ḥawāsh lil-ustādh al-fāḍil al-mashhūr bi-Shahrī Muṣṭafá Shawkat Afandī taghammadahu Allāh taʻālá bi-luṭfihi al-abadī ʻalá Dāwūd al-Qārṣī Sharḥ Uṣūl al-ḥadīth lil-Imām al-Birkī</subfield>
		<subfield code="w">(NjP)822534</subfield>
		<subfield code="w">(OCoLC)28545272</subfield>
	</datafield>
	<datafield ind1="4" ind2="0" tag="856">
		<subfield code="u">http://hdl.handle.net/2333.1/2jm647w8</subfield>
	</datafield>
	<datafield ind1="1" ind2=" " tag="880">
		<subfield code="6">100-01</subfield>
		<subfield code="a">شوكت، شهري مصطفى.</subfield>
	</datafield>
	<datafield ind1="1" ind2="0" tag="880">
		<subfield code="6">240-02</subfield>
		<subfield code="a">حاشية على شرح الاصول الحديث</subfield>
	</datafield>
	<datafield ind1="1" ind2="0" tag="880">
		<subfield code="6">245-03</subfield>
		<subfield code="a">هذه حواش للاستاذ الفاضل المشهور بشهري مصطفى شوكت افندي تغمده الله تعالى بلطفه الابدي على داوود القارصي شرح اصول الحديث للامام البركي.</subfield>
	</datafield>
	<datafield ind1="3" ind2=" " tag="880">
		<subfield code="6">246-04</subfield>
		<subfield code="a">شرح اصول الحديث</subfield>
	</datafield>
	<datafield ind1="1" ind2="2" tag="880">
		<subfield code="6">700-05</subfield>
		<subfield code="a">قرصي، داوود بن محمد،</subfield>
		<subfield code="d">1747 أو 1748.</subfield>
		<subfield code="t">شرح اصول الحديث.</subfield>
	</datafield>
	<datafield ind1=" " ind2=" " tag="959">
		<subfield code="a">NNU</subfield>
		<subfield code="b">WEB</subfield>
		<subfield code="c">GENI</subfield>
		<subfield code="t">0</subfield>
		<subfield code="m">Electronic access</subfield>
		<subfield code="s">01</subfield>
	</datafield>
	<datafield ind1=" " ind2=" " tag="999">
		<subfield code="i">NjP_822534</subfield>
		<subfield code="o">(OCoLC)ocm28545272</subfield>
		<subfield code="s">princeton_aco004125:</subfield>
		<subfield code="e">(ERROR-880)(ERROR-MISC)</subfield>
		<subfield code="s">princeton_aco004125:</subfield>
	</datafield>
</record>
